% Encoding: UTF-8

@misc{statsAngular,
  title   = {Angular Usage Statistics},
  note = {Dostêp: 25.01.2022},
  howpublished = {\url{https://trends.builtwith.com/framework/Angular}},
}

@misc{statsReact,
  title   = {React Redux Usage Statistics},
  note = {Dostêp: 25.01.2022},
  howpublished    = {\url{https://trends.builtwith.com/javascript/React-Redux}},
}

@misc{angularDocs,

  title   = {Angular Documentation},
  howpublished = {\url{https://angular.io/docs}},
  note = {Dostêp: 25.01.2022}
}

@misc{flaskDocs,
  title   = {Flask Documentation},
  howpublished = {\url{https://flask.palletsprojects.com/en/2.0.x/}},
  note = {Dostêp 26.01.2022}
}

@misc{pythonDocs,
  title   = {Python 3.9 Documentation},
  howpublished = {\url{https://docs.python.org/3.9/}},
  note = {Dostêp 26.01.2022}
}

@misc{javaDocs,
  title   = {Java Documentation},
  howpublished = {\url{https://docs.oracle.com/en/java/}},
  note = {Dostêp 26.01.2022}
}

@misc{springDocs,
  title   = {Spring Documentation},
  howpublished = {\url{https://docs.spring.io/spring-framework/docs/current/reference/html/overview.html}},
  note = {Dostêp 25.01.2022}
}

@Article{restAPI,
  author  = {},
  journal = {alexsoft.com},
  title   = {Rest Api Design},
  year    = {2021},
  month   = mar,
  note    = {\url{https://www.altexsoft.com/blog/rest-api-design/}},
}

@Article{restApiStackOverflow,
  author  = {John Au-Yeung, Ryan Donovan},
  journal = {stackoverflow.blog},
  title   = {Rest Api Design},
  year    = {2020},
  month   = mar,
  note    = {\url{https://stackoverflow.blog/2020/03/02/best-practices-for-rest-api-design/}},
}


@Comment{jabref-meta: databaseType:bibtex;}

@Comment{jabref-meta: fileDirectoryLatex-X-DESKTOP-BUAJLDM:D:\\pwr\\dyplomowa\\repo;}
